<?xml version="1.0" encoding="UTF-8"?><record xmlns="http://www.loc.gov/MARC21/slim" xmlns:cinclude="http://apache.org/cocoon/include/1.0" xmlns:zs="http://www.loc.gov/zing/srw/">
  <leader>01100cz  a2200205n  4500</leader>
  <controlfield tag="001">n 2009014993</controlfield>
  <controlfield tag="003">DLC</controlfield>
  <controlfield tag="005">20090311081620.0</controlfield>
  <controlfield tag="008">090310n| acannaabn          |b aaa      </controlfield>
  <datafield tag="010" ind1=" " ind2=" ">
    <subfield code="a">n 2009014993</subfield>
  </datafield>
  <datafield tag="040" ind1=" " ind2=" ">
    <subfield code="a">DLC</subfield>
    <subfield code="b">eng</subfield>
    <subfield code="c">DLC</subfield>
  </datafield>
  <datafield tag="100" ind1="1" ind2=" ">
    <subfield code="a">Lusegenov, Ovanes,</subfield>
    <subfield code="d">1952-</subfield>
  </datafield>
  <datafield tag="400" ind1="1" ind2=" ">
    <subfield code="a">Лусегенов, Ованес,</subfield>
    <subfield code="d">1952-</subfield>
  </datafield>
  <datafield tag="400" ind1="1" ind2=" ">
    <subfield code="a">Lusegenov, Ovanes Melkonovich,</subfield>
    <subfield code="d">1952-</subfield>
  </datafield>
  <datafield tag="400" ind1="1" ind2=" ">
    <subfield code="a">Лусегенов, Ованес Мелконович,</subfield>
    <subfield code="d">1952-</subfield>
  </datafield>
  <datafield tag="400" ind1="1" ind2=" ">
    <subfield code="a">Lusegenov, Hovhannes,</subfield>
    <subfield code="d">1952-</subfield>
  </datafield>
  <datafield tag="400" ind1="1" ind2=" ">
    <subfield code="a">Lusegenov, Hovhannes Melkonovich,</subfield>
    <subfield code="d">1952-</subfield>
  </datafield>
  <datafield tag="667" ind1=" " ind2=" ">
    <subfield code="a">Non-Latin script references not evaluated.</subfield>
  </datafield>
  <datafield tag="670" ind1=" " ind2=" ">
    <subfield code="a">Lusegenov, Ovanes. Ovanes Lusegenov zhivopisʹ, 1993:</subfield>
    <subfield code="b">t.p. (Ованес Лусегенов = Ovanes Lusegenov; Hovhannes Lusegenov [in rom.]) p. 4 of cover (Ованес Мелконович Лусегенов = Ovanes Melkonovich Lusegenov; Hovhannes Melkonovich Lusenegov [in rom.]; b. 1952)</subfield>
  </datafield>
  <datafield tag="670" ind1=" " ind2=" ">
    <subfield code="a">ViPerson.ru Web site, Mar. 10, 2009</subfield>
    <subfield code="b">(Лусегенов Ованес Мелконович = Lusegenov Ovanes Melkonovich; b. 26 Sept. 1952 in Rostov-na-Donu; studied art)</subfield>
  </datafield>
</record>